@article{anderson2009air,
  title={Air pollution and mortality: {A} history},
  author={Anderson, H Ross},
  journal={Atmospheric Environment},
  volume={43},
  number={1},
  pages={142--152},
  year={2009},
  publisher={Elsevier}
}

@article{dockery1993association,
  title={An association between air pollution and mortality in six US cities},
  author={Dockery, Douglas W and Pope, C Arden and Xu, Xiping and Spengler, John D and Ware, James H and Fay, Martha E and Ferris Jr, Benjamin G and Speizer, Frank E},
  journal={New England journal of medicine},
  volume={329},
  number={24},
  pages={1753--1759},
  year={1993},
  publisher={Mass Medical Soc}
}

@article{jerrett2005spatial,
  title={Spatial analysis of air pollution and mortality in Los Angeles},
  author={Jerrett, Michael and Burnett, Richard T and Ma, Renjun and Pope III, C Arden and Krewski, Daniel and Newbold, K Bruce and Thurston, George and Shi, Yuanli and Finkelstein, Norm and Calle, Eugenia E and others},
  journal={Epidemiology},
  pages={727--736},
  year={2005},
  publisher={JSTOR}
}

@article{sunyer1996air,
  title={Air pollution and mortality in Barcelona.},
  author={Sunyer, Jordi and Castellsagu{\'e}, Jordi and S{\'a}ez, Marc and Tobias, Aurelio and Ant{\'o}, Josep M},
  journal={Journal of Epidemiology \& Community Health},
  volume={50},
  number={Suppl 1},
  pages={s76--s80},
  year={1996},
  publisher={BMJ Publishing Group Ltd}
}

@misc{who2022airquality,
 title={Air Quality Database},
 url={https://www.who.int/data/gho/data/themes/air-pollution/who-air-quality-database},
 author={{World Health Organization}},
 publisher={World Health Organization},
 year={2022},
 month={Sep}
}

@misc{who2022all,
  title={All causes},
  url={https://platform.who.int/mortality/themes/theme-details/MDB/all-causes},
  author={{World Health Organization}},
  publisher={World Health Organization},
  year={2022},
  month={Sep}
}

@article{fuller2022pollution,
  title={Pollution and health: a progress update},
  author={Fuller, Richard and Landrigan, Philip J and Balakrishnan, Kalpana and Bathan, Glynda and Bose-O'Reilly, Stephan and Brauer, Michael and Caravanos, Jack and Chiles, Tom and Cohen, Aaron and Corra, Lilian and others},
  journal={The Lancet Planetary Health},
  year={2022},
  publisher={Elsevier}
}

@article{analitis2006short,
  title={Short-term effects of ambient particles on cardiovascular and respiratory mortality},
  author={Analitis, Antonis and Katsouyanni, Klea and Dimakopoulou, Konstantina and Samoli, Evangelia and Nikoloulopoulos, Aristidis K and Petasakis, Yannis and Touloumi, Giota and Schwartz, Joel and Anderson, Hugh Ross and Cambra, Koldo and others},
  journal={Epidemiology},
  volume={17},
  number={2},
  pages={230--233},
  year={2006},
  publisher={LWW}
}

@article{khojasteh2021long,
  title={Long-term effects of outdoor air pollution on mortality and morbidity--prediction using nonlinear autoregressive and artificial neural networks models},
  author={Khojasteh, Davood Namdar and Goudarzi, Gholamreza and Taghizadeh-Mehrjardi, Ruhollah and Asumadu-Sakyi, Akwasi Bonsu and Fehresti-Sani, Masoud},
  journal={Atmospheric Pollution Research},
  volume={12},
  number={2},
  pages={46--56},
  year={2021},
  publisher={Elsevier}
}

@misc{worldbank2022,
  title={GDP per capita,
  PPP (constant 2017 international $)},
  url={https://data.worldbank.org/indicator/NY.GDP.PCAP.PP.KD?end=2016&amp;start=2010},\
  journal={Data},
  publisher={The World Bank},
  year={2022}
}




