@article{anderson2009air,
  title={Air pollution and mortality: {A} history},
  author={Anderson, H Ross},
  journal={Atmospheric Environment},
  volume={43},
  number={1},
  pages={142--152},
  year={2009},
  publisher={Elsevier}
}

@article{dockery1993association,
  title={An association between air pollution and mortality in six US cities},
  author={Dockery, Douglas W and Pope, C Arden and Xu, Xiping and Spengler, John D and Ware, James H and Fay, Martha E and Ferris Jr, Benjamin G and Speizer, Frank E},
  journal={New England journal of medicine},
  volume={329},
  number={24},
  pages={1753--1759},
  year={1993},
  publisher={Mass Medical Soc}
}

@article{jerrett2005spatial,
  title={Spatial analysis of air pollution and mortality in Los Angeles},
  author={Jerrett, Michael and Burnett, Richard T and Ma, Renjun and Pope III, C Arden and Krewski, Daniel and Newbold, K Bruce and Thurston, George and Shi, Yuanli and Finkelstein, Norm and Calle, Eugenia E and others},
  journal={Epidemiology},
  pages={727--736},
  year={2005},
  publisher={JSTOR}
}

@article{sunyer1996air,
  title={Air pollution and mortality in Barcelona.},
  author={Sunyer, Jordi and Castellsagu{\'e}, Jordi and S{\'a}ez, Marc and Tobias, Aurelio and Ant{\'o}, Josep M},
  journal={Journal of Epidemiology \& Community Health},
  volume={50},
  number={Suppl 1},
  pages={s76--s80},
  year={1996},
  publisher={BMJ Publishing Group Ltd}
}

@misc{world health organization_2022,
 title={Air Quality Database},
 url={https://www.who.int/data/gho/data/themes/air-pollution/who-air-quality-database},
 journal={World Health Organization},
 publisher={World Health Organization},
 year={2022},
 month={Sep}
}

@misc{world health organization_2022,
  title={All causes},
  url={https://platform.who.int/mortality/themes/theme-details/MDB/all-causes},
  journal={World Health Organization},
  publisher={World Health Organization},
  year={2022},
  month={Sep}
}


